<record><leader>00000cas a22000007a 4500</leader><controlfield tag="001">22161434</controlfield><controlfield tag="008">900731d19101977aruwr ne      0    0eng d</controlfield><datafield ind1=" " ind2=" " tag="010"><subfield code="a">sn 90050260 </subfield></datafield><datafield ind1=" " ind2=" " tag="040"><subfield code="a">ANU</subfield><subfield code="b">eng</subfield><subfield code="c">ANU</subfield><subfield code="d">OCLCQ</subfield><subfield code="d">OCLCF</subfield><subfield code="d">OCLCO</subfield></datafield><datafield ind1="1" ind2=" " tag="029"><subfield code="a">AU@</subfield><subfield code="b">000025904019</subfield></datafield><datafield ind1=" " ind2=" " tag="042"><subfield code="a">msc</subfield></datafield><datafield ind1="0" ind2="4" tag="245"><subfield code="a">The Dermott news.</subfield></datafield><datafield ind1=" " ind2=" " tag="260"><subfield code="a">Dermott, Ark. :</subfield><subfield code="b">J.A. Watkins</subfield></datafield><datafield ind1=" " ind2=" " tag="300"><subfield code="a">v.</subfield></datafield><datafield ind1=" " ind2=" " tag="310"><subfield code="a">Weekly</subfield></datafield><datafield ind1="0" ind2=" " tag="362"><subfield code="a">Vol. 1, no. 1 (June 17, 1910)-v. 68, no. 48 (Oct. 20 [i.e. 27], 1977).</subfield></datafield><datafield ind1=" " ind2="0" tag="651"><subfield code="a">Dermott (Ark.)</subfield><subfield code="v">Newspapers.</subfield></datafield><datafield ind1=" " ind2="7" tag="655"><subfield code="a">Newspapers.</subfield><subfield code="2">fast</subfield><subfield code="0">(OCoLC)fst01423814</subfield></datafield><datafield ind1=" " ind2="7" tag="651"><subfield code="a">Arkansas</subfield><subfield code="z">Dermott.</subfield><subfield code="2">fast</subfield><subfield code="0">(OCoLC)fst01219995</subfield></datafield><datafield ind1=" " ind2=" " tag="752"><subfield code="a">United States</subfield><subfield code="b">Arkansas</subfield><subfield code="c">Chicot</subfield><subfield code="d">Dermott.</subfield></datafield><datafield ind1="0" ind2="7" tag="785"><subfield code="t">McGehee times</subfield><subfield code="w">(DLC)sn 89051201</subfield></datafield><datafield ind1="0" ind2="7" tag="785"><subfield code="t">Times-news (McGehee, Ark.)</subfield><subfield code="w">(DLC)sn 90050248</subfield></datafield></record>